@ARTICLE{hh2010a,
  author = hh,
  title = {The Font Name Mess},
  journal = {MAPS},
  year = {2010},
  volume = {40},
  pages = {2-8},
  keywords = {context},
}